<?xml version="1.0" encoding="UTF-8"?><collection xmlns="http://www.loc.gov/MARC21/slim"><record><leader>00363nam--2200145-i-4500</leader><controlfield tag="001">000020124</controlfield><controlfield tag="002">20161230</controlfield><controlfield tag="005">20161230201033</controlfield><controlfield tag="008">060222s1000------------r-----000-0-eng-d</controlfield><datafield ind1=" " ind2=" " tag="080"><subfield code="a">523.31-327(047.3)</subfield></datafield><datafield ind1=" " ind2=" " tag="100"><subfield code="a">Fodmark, S</subfield></datafield><datafield ind1=" " ind2=" " tag="245"><subfield code="a">The earth s rotation</subfield></datafield><datafield ind1=" " ind2=" " tag="260"><subfield code="a">Stockholm, Institute Of Physics, 1983. 45 P</subfield></datafield><datafield ind1=" " ind2=" " tag="490"><subfield code="a">Usip Report 83-02</subfield></datafield><datafield ind1=" " ind2=" " tag="852"><subfield code="a">62943</subfield></datafield></record></collection>